@article{garg,
  title={Faster and simpler algorithms for multicommodity flow and other fractional packing problems},
  author={Garg, Naveen and Koenemann, Jochen},
  journal={SIAM Journal on Computing},
  volume={37},
  number={2},
  pages={630--652},
  year={2007},
  publisher={SIAM}
}


@article{leighton,
  title={Fast approximation algorithms for multicommodity flow problems},
  author={Leighton, Tom and Makedon, Fillia and Plotkin, Serge and Stein, Clifford and Tardos, {\'E}va and Tragoudas, Spyros},
  journal={Journal of Computer and System Sciences},
  volume={50},
  number={2},
  pages={228--243},
  year={1995},
  publisher={Elsevier}
}

@book{goldberg,
  title={An implementation of a combinatorial approximation algorithm for minimum-cost multicommodity flow},
  author={Goldberg, Andrew V and Oldham, Jeffrey D and Plotkin, Serge and Stein, Cliff},
  year={1998},
  publisher={Springer}
}


@inproceedings{karger,
  title={Adding multiple cost constraints to combinatorial optimization problems, with applications to multicommodity flows},
  author={Karger, David and Plotkin, Serge},
  booktitle={Proceedings of the twenty-seventh annual ACM symposium on Theory of computing},
  pages={18--25},
  year={1995},
  organization={ACM}
}


@article{grig,
  title={Approximate minimum-cost multicommodity flows in $\tilde{O}(\epsilon- 2 KNM)$ time},
  author={Grigoriadis, Michael D and Khachiyan, Leonid G},
  journal={Mathematical Programming},
  volume={75},
  number={3},
  pages={477--482},
  year={1996},
  publisher={Springer}
}

@article{almostLinear,
  author    = {Jonathan A. Kelner and
               Lorenzo Orecchia and
               Yin Tat Lee and
               Aaron Sidford},
  title     = {An Almost-Linear-Time Algorithm for Approximate Max Flow
               in Undirected Graphs, and its Multicommodity Generalizations},
  journal   = {CoRR},
  volume    = {abs/1304.2338},
  year      = {2013},
  ee        = {http://arxiv.org/abs/1304.2338},
  bibsource = {DBLP, http://dblp.uni-trier.de}
}


@inproceedings{karakostas,
  title={Faster approximation schemes for fractional multicommodity
                  flow problems},
  author={Karakostas, George},
  booktitle={Proceedings of the thirteenth annual ACM-SIAM symposium on Discrete algorithms},
  pages={166--173},
  year={2002},
  organization={Society for Industrial and Applied Mathematics}
}

@inproceedings{networkx,
author = {Aric A. Hagberg and Daniel A. Schult and Pieter J. Swart},
title = {Exploring network structure, dynamics, and function using {NetworkX}},
year = {2008},
month = Aug,
urlpdf = {http://math.lanl.gov/~hagberg/Papers/hagberg-2008-exploring.pdf},
booktitle = {Proceedings of the 7th Python in Science Conference (SciPy2008)},
editors = {G\"{a}el Varoquaux, Travis Vaught, and Jarrod Millman},
address = {Pasadena, CA USA},
pages = {11--15}
}